<record><leader>00000cas a22000007a 4500</leader><controlfield tag="001">9472484</controlfield><controlfield tag="008">830503d198019uutxuwr ne      0   a0eng d</controlfield><datafield ind1=" " ind2=" " tag="010"><subfield code="a">sn 83000615 </subfield></datafield><datafield ind1=" " ind2=" " tag="040"><subfield code="a">NSD</subfield><subfield code="b">eng</subfield><subfield code="c">NSD</subfield><subfield code="d">PPM</subfield><subfield code="d">OCLCQ</subfield></datafield><datafield ind1=" " ind2=" " tag="012"><subfield code="m">1</subfield></datafield><datafield ind1="1" ind2=" " tag="022"><subfield code="a">0745-7995</subfield><subfield code="l">0745-7995</subfield><subfield code="2">1</subfield></datafield><datafield ind1=" " ind2=" " tag="032"><subfield code="a">438190</subfield><subfield code="b">USPS</subfield></datafield><datafield ind1=" " ind2=" " tag="037"><subfield code="b">Canyon Publications, Box 452, Leakey, TX 78873</subfield></datafield><datafield ind1=" " ind2=" " tag="042"><subfield code="a">nsdp</subfield></datafield><datafield ind1=" " ind2="0" tag="222"><subfield code="a">Real County American</subfield></datafield><datafield ind1="0" ind2="0" tag="245"><subfield code="a">Real County American.</subfield></datafield><datafield ind1=" " ind2=" " tag="260"><subfield code="a">Leakey, Tex. :</subfield><subfield code="b">Canyon Pub.</subfield></datafield><datafield ind1=" " ind2=" " tag="310"><subfield code="a">Weekly</subfield></datafield><datafield ind1="1" ind2=" " tag="362"><subfield code="a">Began in 1980?</subfield></datafield><datafield ind1=" " ind2=" " tag="588"><subfield code="a">Description based on: Vol. 6, no. 30 (Aug. 7, 1980).</subfield></datafield><datafield ind1=" " ind2=" " tag="752"><subfield code="a">United States</subfield><subfield code="b">Texas</subfield><subfield code="c">Real</subfield><subfield code="d">Leakey.</subfield></datafield><datafield ind1="0" ind2="0" tag="780"><subfield code="t">Real American (Leakey, Tex. : 1978)</subfield><subfield code="w">(DLC)sn 88083629</subfield></datafield><datafield ind1="0" ind2="0" tag="785"><subfield code="t">Real American (Leakey, Tex.)</subfield><subfield code="w">(DLC)sn 97065904</subfield></datafield></record>